@article{ledley1964,
  title={Computer-based medical decision making: The use of computers for the identification of chemical substructures},
  author={Ledley, Robert S and Lusted, Lee B and Schulman, Joel D},
  journal={Science},
  volume={146},
  number={3647},
  pages={1043--1045},
  year={1964},
  publisher={American Association for the Advancement of Science}
}

@article{barnard1993,
  title={Substructure searching methods: Old and new},
  author={Barnard, John M},
  journal={Journal of Chemical Information and Computer Sciences},
  volume={33},
  number={4},
  pages={532--538},
  year={1993},
  publisher={ACS Publications}
}

@article{weininger1988,
  title={SMILES, a chemical language and information system. 1. Introduction to methodology and encoding rules},
  author={Weininger, David},
  journal={Journal of Chemical Information and Computer Sciences},
  volume={28},
  number={1},
  pages={31--36},
  year={1988},
  publisher={ACS Publications}
}

@article{ullmann1976,
  title={An algorithm for subgraph isomorphism},
  author={Ullmann, Julian R},
  journal={Journal of the ACM (JACM)},
  volume={23},
  number={1},
  pages={31--42},
  year={1976},
  publisher={ACM New York, NY, USA}
}

@article{cordella2004,
  title={A (sub)graph isomorphism algorithm for matching large graphs},
  author={Cordella, Luigi P and Foggia, Pasquale and Sansone, Carlo and Vento, Mario},
  journal={IEEE Transactions on Pattern Analysis and Machine Intelligence},
  volume={26},
  number={10},
  pages={1367--1372},
  year={2004},
  publisher={IEEE}
}

@inproceedings{shasha2002,
  title={Algorithmics and applications of tree and graph searching},
  author={Shasha, Dennis and Wang, Jason TL and Giugno, Rosalba},
  booktitle={Proceedings of the Twenty-First ACM SIGACT-SIGMOD-SIGART Symposium on Principles of Database Systems},
  pages={39--52},
  year={2002}
}

@inproceedings{yan2002,
  title={gSpan: Graph-based substructure pattern mining},
  author={Yan, Xifeng and Han, Jiawei},
  booktitle={2002 IEEE International Conference on Data Mining, 2002. Proceedings.},
  pages={721--724},
  year={2002},
  organization={IEEE}
}

@inproceedings{nijssen2004,
  title={A quickstart in frequent structure mining can make a difference},
  author={Nijssen, Siegfried and Kok, Joost N},
  booktitle={Proceedings of the Tenth ACM SIGKDD International Conference on Knowledge Discovery and Data Mining},
  pages={647--652},
  year={2004},
  organization={ACM}
}

@inproceedings{bonchi2011,
  title={Exemplar queries: Give me an example of what you need},
  author={Bonchi, Francesco and Perego, Raffaele and Silvestri, Fabrizio and Vahabi, Hossein and Venturini, Rossano},
  booktitle={Proceedings of the 20th ACM International Conference on Information and Knowledge Management},
  pages={2097--2100},
  year={2011},
  organization={ACM}
}

@article{klein2014,
  title={Efficient subgraph mining in cheminformatics and elsewhere},
  author={Klein, Karsten and Werth, Max and Kriege, Nils M},
  journal={Informatik Spektrum},
  volume={37},
  number={1},
  pages={9--16},
  year={2014},
  publisher={Springer}
}

@inproceedings{kriege2012,
  title={A subgraph mining approach to rdf query relaxation},
  author={Kriege, Nils M and Werth, Max and Mutzel, Petra},
  booktitle={International Conference on Discovery Science},
  pages={178--192},
  year={2012},
  organization={Springer}
}

@techreport{omohundro1989,
  title={Five balltree construction algorithms},
  author={Omohundro, Stephen M},
  year={1989},
  institution={International Computer Science Institute}
}

@article{clarkson1994,
  title={Nearest-neighbor searching and metric space dimensions},
  author={Clarkson, Kenneth L},
  journal={Nearest-Neighbor Methods for Learning and Vision: Theory and Practice},
  volume={2},
  number={2006},
  pages={15--59},
  year={1994},
  publisher={MIT Press}
}

@Article{Kratochvil2018,
author={Kratochv{\'i}l, Miroslav and Vondr{\'a}{\v{s}}ek, Ji{\v{r}}{\'i} and Galgonek, Jakub},
title={Sachem: a chemical cartridge for high-performance substructure search},
journal={Journal of Cheminformatics},
year={2018},
month={May},
day={23},
volume={10},
number={1},
pages={27},
abstract={Structure search is one of the valuable capabilities of small-molecule databases. Fingerprint-based screening methods are usually employed to enhance the search performance by reducing the number of calls to the verification procedure. In substructure search, fingerprints are designed to capture important structural aspects of the molecule to aid the decision about whether the molecule contains a given substructure. Currently available cartridges typically provide acceptable search performance for processing user queries, but do not scale satisfactorily with dataset size.},
issn={1758-2946},
doi={10.1186/s13321-018-0282-y},
url={https://doi.org/10.1186/s13321-018-0282-y}
}

@Article{Pavlov2010,
author={Pavlov, Dmitry and Rybalkin, Mikhail and Karulin, Boris},
title={Bingo from SciTouch LLC: chemistry cartridge for Oracle database},
journal={Journal of Cheminformatics},
year={2010},
month={May},
day={04},
volume={2},
number={1},
pages={F1},
issn={1758-2946},
doi={10.1186/1758-2946-2-S1-F1},
url={https://doi.org/10.1186/1758-2946-2-S1-F1}
}

